@article{bahcall1996B8Spectrum,
  title={Standard neutrino spectrum from B 8 decay},
  author={Bahcall, John N and Lisi, E and Alburger, DE and De Braeckeleer, L and Freedman, SJ and Napolitano, J},
  journal={Physical Review C},
  volume={54},
  number={1},
  pages={411},
  year={1996},
  publisher={APS}
}

@article{gorbunov2007TauCM,
  title={How to find neutral leptons of the $\nu$MSM?},
  author={Gorbunov, Dmitry and Shaposhnikov, Mikhail},
  journal={Journal of High Energy Physics},
  volume={2007},
  number={10},
  pages={015},
  year={2007},
  publisher={IOP Publishing}
}
